@article{wobbrock2012seven,
  title={Seven research contributions in HCI},
  author={Wobbrock, Jacob O},
  journal={studies},
  volume={1},
  number={1},
  pages={52--80},
  year={2012}
}

@inproceedings{olsen2007evaluating,
  title={Evaluating user interface systems research},
  author={Olsen Jr, Dan R},
  booktitle={Proceedings of the 20th annual ACM symposium on User interface software and technology},
  pages={251--258},
  year={2007}
}